%YAML 1.1
%TAG !u! tag:unity3d.com,2011:
--- !u!1001 &100100000
Prefab:
  m_ObjectHideFlags: 1
  serializedVersion: 2
  m_Modification:
    m_TransformParent: {fileID: 0}
    m_Modifications: []
    m_RemovedComponents: []
  m_ParentPrefab: {fileID: 0}
  m_RootGameObject: {fileID: 1593148360680768}
  m_IsPrefabParent: 1
--- !u!1 &1593148360680768
GameObject:
  m_ObjectHideFlags: 0
  m_PrefabParentObject: {fileID: 0}
  m_PrefabInternal: {fileID: 100100000}
  serializedVersion: 5
  m_Component:
  - component: {fileID: 4677031388973756}
  - component: {fileID: 114469867778851984}
  - component: {fileID: 114202989792001818}
  - component: {fileID: 195150765729847710}
  - component: {fileID: 135004914408982236}
  - component: {fileID: 136991371149013460}
  m_Layer: 0
  m_Name: AttackerNavigation
  m_TagString: Untagged
  m_Icon: {fileID: 0}
  m_NavMeshLayer: 0
  m_StaticEditorFlags: 0
  m_IsActive: 1
--- !u!4 &4677031388973756
Transform:
  m_ObjectHideFlags: 1
  m_PrefabParentObject: {fileID: 0}
  m_PrefabInternal: {fileID: 100100000}
  m_GameObject: {fileID: 1593148360680768}
  m_LocalRotation: {x: -0, y: -0, z: -0, w: 1}
  m_LocalPosition: {x: 0, y: 0, z: 0}
  m_LocalScale: {x: 1, y: 1, z: 1}
  m_Children: []
  m_Father: {fileID: 0}
  m_RootOrder: 0
  m_LocalEulerAnglesHint: {x: 0, y: 0, z: 0}
--- !u!114 &114202989792001818
MonoBehaviour:
  m_ObjectHideFlags: 1
  m_PrefabParentObject: {fileID: 0}
  m_PrefabInternal: {fileID: 100100000}
  m_GameObject: {fileID: 1593148360680768}
  m_Enabled: 1
  m_EditorHideFlags: 0
  m_Script: {fileID: 11500000, guid: ba4109b0843e8e54eaaaa8b89256ef2a, type: 3}
  m_Name: 
  m_EditorClassIdentifier: 
  vision: {fileID: 135004914408982236}
  enemies: []
  friends: []
  obstacles: []
  self: {fileID: 114469867778851984}
  AttackScore: 0
  MoveScore: 0
  HideScore: 0
  attackDistance: 60
  recalculateTime: 0.5
  maxHideCount: 15
  hideCount: 0
--- !u!114 &114469867778851984
MonoBehaviour:
  m_ObjectHideFlags: 1
  m_PrefabParentObject: {fileID: 0}
  m_PrefabInternal: {fileID: 100100000}
  m_GameObject: {fileID: 1593148360680768}
  m_Enabled: 1
  m_EditorHideFlags: 0
  m_Script: {fileID: 11500000, guid: 52ddb1a9f8e56c647961364a5e3a2b52, type: 3}
  m_Name: 
  m_EditorClassIdentifier: 
  characterPrefab: {fileID: 1280992549407218, guid: 2178b22b33ed1054cb69987fd4844f36,
    type: 2}
  aimTarget: {fileID: 0}
  moveTarget: {x: 0, y: 0, z: 0}
  attacking: 0
  aiming: 0
  hiding: 0
  hideAttacking: 0
  dead: 0
  isEnemy: 0
  maxHp: 5
  hp: 5
--- !u!135 &135004914408982236
SphereCollider:
  m_ObjectHideFlags: 1
  m_PrefabParentObject: {fileID: 0}
  m_PrefabInternal: {fileID: 100100000}
  m_GameObject: {fileID: 1593148360680768}
  m_Material: {fileID: 0}
  m_IsTrigger: 1
  m_Enabled: 0
  serializedVersion: 2
  m_Radius: 85
  m_Center: {x: 0, y: 0, z: 0}
--- !u!136 &136991371149013460
CapsuleCollider:
  m_ObjectHideFlags: 1
  m_PrefabParentObject: {fileID: 0}
  m_PrefabInternal: {fileID: 100100000}
  m_GameObject: {fileID: 1593148360680768}
  m_Material: {fileID: 0}
  m_IsTrigger: 0
  m_Enabled: 1
  m_Radius: 3
  m_Height: 12
  m_Direction: 1
  m_Center: {x: 0, y: 6, z: 0}
--- !u!195 &195150765729847710
NavMeshAgent:
  m_ObjectHideFlags: 1
  m_PrefabParentObject: {fileID: 0}
  m_PrefabInternal: {fileID: 100100000}
  m_GameObject: {fileID: 1593148360680768}
  m_Enabled: 1
  m_AgentTypeID: 0
  m_Radius: 3
  m_Speed: 22
  m_Acceleration: 60
  avoidancePriority: 50
  m_AngularSpeed: 120
  m_StoppingDistance: 0
  m_AutoTraverseOffMeshLink: 1
  m_AutoBraking: 1
  m_AutoRepath: 1
  m_Height: 12
  m_BaseOffset: 0
  m_WalkableMask: 4294967295
  m_ObstacleAvoidanceType: 4
