%YAML 1.1
%TAG !u! tag:unity3d.com,2011:
--- !u!1001 &100100000
Prefab:
  m_ObjectHideFlags: 1
  serializedVersion: 2
  m_Modification:
    m_TransformParent: {fileID: 0}
    m_Modifications: []
    m_RemovedComponents: []
  m_ParentPrefab: {fileID: 0}
  m_RootGameObject: {fileID: 1723407100173866}
  m_IsPrefabParent: 1
--- !u!1 &1723407100173866
GameObject:
  m_ObjectHideFlags: 0
  m_PrefabParentObject: {fileID: 0}
  m_PrefabInternal: {fileID: 100100000}
  serializedVersion: 5
  m_Component:
  - component: {fileID: 4045949973228098}
  - component: {fileID: 114648115732620236}
  - component: {fileID: 195739857273467410}
  - component: {fileID: 135256784843884400}
  - component: {fileID: 136787066597074894}
  - component: {fileID: 114021628580953056}
  m_Layer: 0
  m_Name: SniperNavigation
  m_TagString: Untagged
  m_Icon: {fileID: 0}
  m_NavMeshLayer: 0
  m_StaticEditorFlags: 0
  m_IsActive: 1
--- !u!4 &4045949973228098
Transform:
  m_ObjectHideFlags: 1
  m_PrefabParentObject: {fileID: 0}
  m_PrefabInternal: {fileID: 100100000}
  m_GameObject: {fileID: 1723407100173866}
  m_LocalRotation: {x: -0, y: -0, z: -0, w: 1}
  m_LocalPosition: {x: 0, y: 0, z: 0}
  m_LocalScale: {x: 1, y: 1, z: 1}
  m_Children: []
  m_Father: {fileID: 0}
  m_RootOrder: 0
  m_LocalEulerAnglesHint: {x: 0, y: 0, z: 0}
--- !u!114 &114021628580953056
MonoBehaviour:
  m_ObjectHideFlags: 1
  m_PrefabParentObject: {fileID: 0}
  m_PrefabInternal: {fileID: 100100000}
  m_GameObject: {fileID: 1723407100173866}
  m_Enabled: 1
  m_EditorHideFlags: 0
  m_Script: {fileID: 11500000, guid: e02c7fc61e3d7f0488a6d185ab00266a, type: 3}
  m_Name: 
  m_EditorClassIdentifier: 
  vision: {fileID: 135256784843884400}
  enemies: []
  friends: []
  obstacles: []
  self: {fileID: 114648115732620236}
  AttackScore: 0
  MoveScore: 0
  HideScore: 0
  attackDistance: 110
  recalculateTime: 0.5
  maxHideCount: 25
  hideCount: 0
  maxAimTime: 3
  AimTarget: {fileID: 0}
--- !u!114 &114648115732620236
MonoBehaviour:
  m_ObjectHideFlags: 1
  m_PrefabParentObject: {fileID: 0}
  m_PrefabInternal: {fileID: 100100000}
  m_GameObject: {fileID: 1723407100173866}
  m_Enabled: 1
  m_EditorHideFlags: 0
  m_Script: {fileID: 11500000, guid: 52ddb1a9f8e56c647961364a5e3a2b52, type: 3}
  m_Name: 
  m_EditorClassIdentifier: 
  characterPrefab: {fileID: 1781996926242324, guid: fbc24d79318a0b243a990f60905b1b5b,
    type: 2}
  aimTarget: {fileID: 0}
  moveTarget: {x: 0, y: 0, z: 0}
  attacking: 0
  aiming: 0
  hiding: 0
  hideAttacking: 0
  dead: 0
  isEnemy: 0
  maxHp: 5
  hp: 5
--- !u!135 &135256784843884400
SphereCollider:
  m_ObjectHideFlags: 1
  m_PrefabParentObject: {fileID: 0}
  m_PrefabInternal: {fileID: 100100000}
  m_GameObject: {fileID: 1723407100173866}
  m_Material: {fileID: 0}
  m_IsTrigger: 1
  m_Enabled: 0
  serializedVersion: 2
  m_Radius: 110
  m_Center: {x: 0, y: 0, z: 0}
--- !u!136 &136787066597074894
CapsuleCollider:
  m_ObjectHideFlags: 1
  m_PrefabParentObject: {fileID: 0}
  m_PrefabInternal: {fileID: 100100000}
  m_GameObject: {fileID: 1723407100173866}
  m_Material: {fileID: 0}
  m_IsTrigger: 0
  m_Enabled: 1
  m_Radius: 3
  m_Height: 12
  m_Direction: 1
  m_Center: {x: 0, y: 6, z: 0}
--- !u!195 &195739857273467410
NavMeshAgent:
  m_ObjectHideFlags: 1
  m_PrefabParentObject: {fileID: 0}
  m_PrefabInternal: {fileID: 100100000}
  m_GameObject: {fileID: 1723407100173866}
  m_Enabled: 1
  m_AgentTypeID: 0
  m_Radius: 3
  m_Speed: 22
  m_Acceleration: 60
  avoidancePriority: 50
  m_AngularSpeed: 120
  m_StoppingDistance: 0
  m_AutoTraverseOffMeshLink: 1
  m_AutoBraking: 1
  m_AutoRepath: 1
  m_Height: 12
  m_BaseOffset: 0
  m_WalkableMask: 4294967295
  m_ObstacleAvoidanceType: 4
